<?xml version="1.0" encoding="UTF-8"?><record xmlns="http://www.loc.gov/MARC21/slim" xmlns:cinclude="http://apache.org/cocoon/include/1.0" xmlns:zs="http://www.loc.gov/zing/srw/">
  <leader>00420cz  a2200133n  4500</leader>
  <controlfield tag="001">n  89641486 </controlfield>
  <controlfield tag="003">DLC</controlfield>
  <controlfield tag="005">19891025151221.6</controlfield>
  <controlfield tag="008">890725n| acannaab|          |n aaa |||  </controlfield>
  <datafield tag="010" ind1=" " ind2=" ">
    <subfield code="a">n  89641486 </subfield>
  </datafield>
  <datafield tag="040" ind1=" " ind2=" ">
    <subfield code="a">DLC</subfield>
    <subfield code="c">DLC</subfield>
    <subfield code="d">DLC</subfield>
  </datafield>
  <datafield tag="100" ind1="1" ind2="0">
    <subfield code="a">Dengerma, Joseph</subfield>
  </datafield>
  <datafield tag="670" ind1=" " ind2=" ">
    <subfield code="a">nuc88-79564: His L'EnganancĚ§o, 1973</subfield>
    <subfield code="b">(hdg. on NN rept.: Dengerma, Joseph; usage: Joseph Dengerma)</subfield>
  </datafield>
  <datafield tag="670" ind1=" " ind2=" ">
    <subfield code="a">LC data base, 7-25-89</subfield>
    <subfield code="b">(hdg.: Dengerma, Joseph)</subfield>
  </datafield>
</record>